@article{Ren_2021,
  keywords = {published},
  title={Thermodynamic exploration of xenon/krypton separation based on a high-throughput screening},
  author={Ren, Emmanuel and Coudert, Fran{\c{c}}ois-Xavier},
  journal={Faraday Discussions},
  volume={231},
  pages={201--223},
  year={2021},
  publisher={Royal Society of Chemistry}
}

@article{Ren_2022,
  keywords = {published},
  title={High-throughput computational screening of nanoporous materials in targeted applications},
  author={Ren, Emmanuel and Guilbaud, Philippe and Coudert, Fran{\c{c}}ois-Xavier},
  journal={Digital Discovery},
  volume={1},
  number={4},
  pages={355--374},
  year={2022},
  publisher={Royal Society of Chemistry}
}

@article{Ren_2023,
  keywords = {published},
  title={Rapid adsorption enthalpy surface sampling (RAESS) to characterize nanoporous materials},
  author={Ren, Emmanuel and Coudert, Fran{\c{c}}ois-Xavier},
  journal={Chemical Science},
  volume={14},
  number={7},
  pages={1797--1807},
  year={2023},
  publisher={Royal Society of Chemistry}
}

@article{Ren_2023_ml,
  keywords = {preprint},
  author={Ren, Emmanuel and Coudert, Fran{\c{c}}ois-Xavier},
  doi = {},
  journal = {ChemRxiv},
  title = {Gas Separation Selectivity Prediction Based on Finely Designed Descriptors},
  year = {2023},
}
