@article{Shi_2023,
	doi = {10.1021/acs.jctc.2c00798},
	url = {https://doi.org/10.1021/acs.jctc.2c00798},
	year = 2023,
	month = Feb,
	publisher = {American Chemical Society ({ACS})},
	author = {Kaihang Shi and Zhao Li and Dylan M. Anstine and Dai Tang and Coray M. Colina and David S. Sholl and J. Ilja Siepmann and Randall Q. Snurr},
	title = {Two-Dimensional Energy Histograms as Features for Machine Learning to Predict Adsorption in Diverse Nanoporous Materials},
	journal = {J. Chem. Theory Comput.}
}
@article{Widom1963,
  author = { Widom, B. },
  title = { Some Topics in the Theory of Fluids },
  journal = { J. Chem. Phys. },
  year = { 1963 },
  volume = { 39 },
  issue = { 11 },
  pages = { 2808--2812 },
  doi = {10.1063/1.1734110},
  url = {http://doi.org/10.1063/1.1734110},
}
@book{national2019research,
	address = {Washington, D.C.},
	title = {A {Research} {Agenda} for {Transforming} {Separation} {Science}},
	isbn = {978-0-309-49170-9},
	url = {https://www.nap.edu/catalog/25421},
	language = {en},
	urldate = {2023-02-22},
	publisher = {The National Academies Press},
	author = {{National Academies of Sciences, Engineering, and Medicine}},
	year = {2019},
	doi = {10.17226/25421},
}
@article{Banerjee2018,
  author = { Banerjee, Debasis and Simon, Cory M. and Elsaidi, Sameh K. and Haranczyk, Maciej and Thallapally, Praveen K. },
  title = { Xenon Gas Separation and Storage Using Metal-Organic Frameworks },
  journal = { Chem },
  year = { 2018 },
  volume = { 4 },
  issue = { 3 },
  pages = { 466--494 },
  doi = {10.1016/j.chempr.2017.12.025},
  url = {http://doi.org/10.1016/j.chempr.2017.12.025},
}
@article{Chen_2014,
	doi = {10.1038/nmat4035},
	url = {https://doi.org/10.1038/nmat4035},
	year = 2014,
	month = Jul,
	publisher = {Springer Science and Business Media {LLC}},
	volume = {13},
	number = {10},
	pages = {954--960},
	author = {Linjiang Chen and Paul S. Reiss and Samantha Y. Chong and Daniel Holden and Kim E. Jelfs and Tom Hasell and Marc A. Little and Adam Kewley and Michael E. Briggs and Andrew Stephenson and K. Mark Thomas and Jayne A. Armstrong and Jon Bell and Jose Busto and Raymond Noel and Jian Liu and Denis M. Strachan and Praveen K. Thallapally and Andrew I. Cooper},
	title = {Separation of rare gases and chiral molecules by selective binding in porous organic cages},
	journal = {Nature Mater.}
}
@article{Lyu_2020,
	doi = {10.1016/j.chempr.2020.08.008},
	url = {https://doi.org/10.1016/j.chempr.2020.08.008},
	year = 2020,
	month = Sep,
	publisher = {Elsevier {BV}},
	volume = {6},
	number = {9},
	pages = {2219--2241},
	author = {Hao Lyu and Zhe Ji and Stefan Wuttke and Omar M. Yaghi},
	title = {Digital Reticular Chemistry},
	journal = {Chem}
}
@article{Chung_2019,
	doi = {10.1021/acs.jced.9b00835},
	url = {https://doi.org/10.1021/acs.jced.9b00835},
	year = 2019,
	month = Nov,
	publisher = {American Chemical Society ({ACS})},
	volume = {64},
	number = {12},
	pages = {5985--5998},
	author = {Yongchul G. Chung and Emmanuel Haldoupis and Benjamin J. Bucior and Maciej Haranczyk and Seulchan Lee and Hongda Zhang and Konstantinos D. Vogiatzis and Marija Milisavljevic and Sanliang Ling and Jeffrey S. Camp and Ben Slater and J. Ilja Siepmann and David S. Sholl and Randall Q. Snurr},
	title = {Advances, Updates, and Analytics for the Computation-Ready, Experimental Metal{\textendash}Organic Framework Database: {CoRE} {MOF} 2019},
	journal = {Journal of Chemical {\&} Engineering Data}
}   
@article{Colon_2017,
  author = { Col\'on, Yamil J. and G\'omez-Gualdr\'on, Diego A. and Snurr, Randall Q. },
  title = { Topologically Guided, Automated Construction of Metal--Organic Frameworks and Their Evaluation for Energy-Related Applications },
  journal = { Cryst. Growth Des. },
  year = { 2017 },
  volume = { 17 },
  issue = { 11 },
  pages = { 5801--5810 },
  doi = {10.1021/acs.cgd.7b00848},
  url = {https://doi.org/10.1021/acs.cgd.7b00848},
}
@article{Boyd_2016,
	doi = {10.1039/c6ce00407e},
	url = {https://doi.org/10.1039/c6ce00407e},
	year = 2016,
	publisher = {Royal Society of Chemistry ({RSC})},
	volume = {18},
	number = {21},
	pages = {3777--3792},
	author = {Peter G. Boyd and Tom K. Woo},
	title = {A generalized method for constructing hypothetical nanoporous materials of any net topology from graph theory},
	journal = {{CrystEngComm}}
}    
@article{Wilmer_2011,
  author = { Wilmer, Christopher E. and Leaf, Michael and Lee, Chang Yeon and Farha, Omar K. and Hauser, Brad G. and Hupp, Joseph T. and Snurr, Randall Q. },
  title = { Large-scale screening of hypothetical metal--organic frameworks },
  journal = { Nature Chem. },
  year = { 2012 },
  volume = { 4 },
  issue = { 2 },
  pages = { 83--89 },
  doi = {10.1038/nchem.1192},
  url = {http://doi.org/10.1038/nchem.1192},
}
@article{dubbeldam2016,
  title={RASPA: molecular simulation software for adsorption and diffusion in flexible nanoporous materials},
  author={Dubbeldam, David and Calero, Sof{\'\i}a and Ellis, Donald E and Snurr, Randall Q},
  journal={Mol. Simulat.},
  volume={42},
  number={2},
  pages={81--101},
  year={2016},
  publisher={Taylor \& Francis}
}
@article{rappe1992,
  title={UFF, a full periodic table force field for molecular mechanics and molecular dynamics simulations},
  author={Rapp{\'e}, Anthony K and Casewit, Carla J and Colwell, KS and Goddard III, William A and Skiff, W Mason},
  journal={J. Am. Chem. Soc.},
  volume={114},
  number={25},
  pages={10024--10035},
  year={1992},
  publisher={ACS Publications}
}
@article{Ryan_2010,
	doi = {10.1002/aic.12397},
	url = {https://doi.org/10.1002/aic.12397},
	year = 2010,
	month = Sep,
	publisher = {Wiley},
	volume = {57},
	number = {7},
	pages = {1759--1766},
	author = {Patrick Ryan and Omar K. Farha and Linda J. Broadbelt and Randall Q. Snurr},
	title = {Computational screening of metal-organic frameworks for xenon/krypton separation},
	journal = {{AIChE} Journal}
}
@book{kerry2007industrial,
  title={Industrial gas handbook: gas separation and purification},
  author={Kerry, Frank G},
  year={2007},
  publisher={CRC press}
}
@article{Groom_2016,
	doi = {10.1107/s2052520616003954},
	url = {https://doi.org/10.1107/s2052520616003954},
	year = 2016,
	month = Apr,
	publisher = {International Union of Crystallography ({IUCr})},
	volume = {72},
	number = {2},
	pages = {171--179},
	author = {Colin R. Groom and Ian J. Bruno and Matthew P. Lightfoot and Suzanna C. Ward},
	title = {The Cambridge Structural Database},
	journal = {Acta Cryst. B}
}
@article{Li_2019,
	doi = {10.1021/jacs.9b03422},
	url = {https://doi.org/10.1021%2Fjacs.9b03422},
	year = 2019,
	month = May,
	publisher = {American Chemical Society ({ACS})},
	volume = {141},
	number = {23},
	pages = {9358--9364},
	author = {Liangying Li and Lidong Guo and Zhiguo Zhang and Qiwei Yang and Yiwen Yang and Zongbi Bao and Qilong Ren and Jing Li},
	title = {A Robust Squarate-Based Metal{\textendash}Organic Framework Demonstrates Record-High Affinity and Selectivity for Xenon over Krypton},
	journal = {J. Am. Chem. Soc.}
}
@article{Pei_2022,
	doi = {10.1021/jacs.1c12873},
	url = {https://doi.org/10.1021%2Fjacs.1c12873},
	year = 2022,
	month = Feb,
	publisher = {American Chemical Society ({ACS})},
	volume = {144},
	number = {7},
	pages = {3200--3209},
	author = {Jiyan Pei and Xiao-Wen Gu and Cong-Cong Liang and Banglin Chen and Bin Li and Guodong Qian},
	title = {Robust and Radiation-Resistant Hofmann-Type Metal{\textendash}Organic Frameworks for Record Xenon/Krypton Separation},
	journal = {J. Am. Chem. Soc.}
}
@article{Rycroft_2009,
	doi = {10.1063/1.3215722},
	url = {https://doi.org/10.1063/1.3215722},
	year = 2009,
	month = Dec,
	publisher = {{AIP} Publishing},
	volume = {19},
	number = {4},
	pages = {041111},
	author = {Chris H. Rycroft},
	title = {{VORO++}: A three-dimensional Voronoi cell library in C++},
	journal = {Chaos}
}
@article{Simon_2015,
  author = { Simon, Cory M. and Mercado, Rocio and Schnell, Sondre K. and Smit, Berend and Haranczyk, Maciej },
  title = { What Are the Best Materials To Separate a Xenon/Krypton Mixture? },
  journal = { Chem. Mater. },
  year = { 2015 },
  volume = { 27 },
  issue = { 12 },
  pages = { 4459--4475 },
  doi = {10.1021/acs.chemmater.5b01475},
  url = {https://doi.org/10.1021/acs.chemmater.5b01475},
}
@article{Jablonka_2022,
  doi = {10.1021/acscentsci.2c01177},
  url = {https://doi.org/10.1021/acscentsci.2c01177},
  year = {2023},
  month = Mar,
  publisher = {American Chemical Society ({ACS})},
  author = {Kevin Maik Jablonka and Andrew S. Rosen and Aditi S. Krishnapriyan and Berend Smit},
  title = {An Ecosystem for Digital Reticular Chemistry},
  journal = {{ACS} Central Science}
}
@article{Cole_2020,
  author = { Cole, Jacqueline M. },
  title = { A Design-to-Device Pipeline for Data-Driven Materials Discovery },
  journal = { Acc. Chem. Res. },
  year = { 2020 },
  volume = { 53 },
  issue = { 3 },
  pages = { 599--610 },
  doi = {10.1021/acs.accounts.9b00470},
  url = {http://doi.org/10.1021/acs.accounts.9b00470},
}
@article{Hautier_2019,
  author = { Hautier, Geoffroy },
  title = { Finding the needle in the haystack: Materials discovery and design through computational ab initio high-throughput screening },
  journal = { Comput. Mater. Sci. },
  year = { 2019 },
  volume = { 163 },
  pages = { 108--116 },
  doi = {10.1016/j.commatsci.2019.02.040},
  url = {http://doi.org/10.1016/j.commatsci.2019.02.040},
}
@article{Stein_2019,
  author = { Stein, Helge S. and Gregoire, John M. },
  title = { Progress and prospects for accelerating materials science with automated and autonomous workflows },
  journal = { Chem. Sci. },
  year = { 2019 },
  volume = { 10 },
  issue = { 42 },
  pages = { 9640--9649 },
  doi = {10.1039/C9SC03766G},
  url = {http://doi.org/10.1039/C9SC03766G},
}
@article{Ludwig_2019,
  author = { Ludwig, Alfred },
  title = { Discovery of new materials using combinatorial synthesis and high-throughput characterization of thin-film materials libraries combined with computational methods },
  journal = { npj Comput. Mater. },
  year = { 2019 },
  volume = { 5 },
  issue = { 1 },
  pages = { 0121 },
  doi = {10.1038/s41524-019-0205-0},
  url = {http://doi.org/10.1038/s41524-019-0205-0},
}
@article{GomezGualdron_2014,
  author = { G\'omez-Gualdr\'on, Diego A. and Wilmer, Christopher E. and Farha, Omar K. and Hupp, Joseph T. and Snurr, Randall Q. },
  title = { Exploring the Limits of Methane Storage and Delivery in Nanoporous Materials },
  journal = { J. Phys. Chem. C },
  year = { 2014 },
  volume = { 118 },
  issue = { 13 },
  pages = { 6941--6951 },
  doi = {10.1021/jp502359q},
  url = {http://doi.org/10.1021/jp502359q},
}
@article{SalcedoPerez_2019,
  author = { Salcedo Perez, Jose Luis and Haranczyk, Maciej and Zimmermann, Nils Edvin Richard },
  title = { High-throughput assessment of hypothetical zeolite materials for their synthesizeability and industrial deployability },
  journal = {Z. Kristallogr.},
  year = { 2019 },
  volume = { 234 },
  issue = { 7-8 },
  pages = { 437--450 },
  doi = {10.1515/zkri-2018-2155},
  url = {http://doi.org/10.1515/zkri-2018-2155},
}
@article{Moliner_2019,
  author = { Moliner, Manuel and Rom\'an-Leshkov, Yuriy and Corma, Avelino },
  title = { Machine Learning Applied to Zeolite Synthesis: The Missing Link for Realizing High-Throughput Discovery },
  journal = { Acc. Chem. Res. },
  year = { 2019 },
  volume = { 52 },
  issue = { 10 },
  pages = { 2971--2980 },
  doi = {10.1021/acs.accounts.9b00399},
  url = {http://doi.org/10.1021/acs.accounts.9b00399},
}
@article{Grazulis_2009,
  author = { Gra\v{z}ulis, Saulius and Chateigner, Daniel and Downs, Robert T. and Yokochi, A. F. T. and Quir\'os, Miguel and Lutterotti, Luca and Manakova, Elena and Butkus, Justas and Moeck, Peter and Le Bail, Armel },
  title = { Crystallography Open Database -- an open-access collection of crystal structures },
  journal = { J. Appl. Crystallogr. },
  year = { 2009 },
  volume = { 42 },
  issue = { 4 },
  pages = { 726--729 },
  doi = {10.1107/S0021889809016690},
  url = {http://doi.org/10.1107/S0021889809016690},
}
@article{Groom_2016,
  author = { Groom, Colin R. and Bruno, Ian J. and Lightfoot, Matthew P. and Ward, Suzanna C. },
  title = { The Cambridge Structural Database },
  journal = { Acta Crystallogr. B },
  year = { 2016 },
  volume = { 72 },
  issue = { 2 },
  pages = { 171--179 },
  doi = {10.1107/S2052520616003954},
  url = {http://doi.org/10.1107/S2052520616003954},
}
@article{PDB_1971,
  title = { Crystallography: Protein Data Bank },
  journal = { Nature New Biology },
  year = { 1971 },
  volume = { 233 },
  issue = { 42 },
  pages = { 223--223 },
  doi = {10.1038/newbio233223b0},
  url = {http://doi.org/10.1038/newbio233223b0},
}